<?xml version="1.0" encoding="UTF-8"?><collection xmlns="http://www.loc.gov/MARC21/slim"><record><leader>00468nam--2200157-i-4500</leader><controlfield tag="001">000023791</controlfield><controlfield tag="002">20161230</controlfield><controlfield tag="005">20170111233145</controlfield><controlfield tag="008">060222s1000------------r-----000-0-eng-d</controlfield><datafield ind1=" " ind2=" " tag="080"><subfield code="a">539.17:621.039.54:519.688(047.3)</subfield></datafield><datafield ind1=" " ind2=" " tag="100"><subfield code="a">Goel, B</subfield></datafield><datafield ind1=" " ind2=" " tag="245"><subfield code="a">Evaluations for the german nuclear data library kedak-3: fissile and fertile materials</subfield></datafield><datafield ind1=" " ind2=" " tag="260"><subfield code="a">Karlsruhe</subfield><subfield code="b">Kernforschungszentrum</subfield><subfield code="c">1977</subfield></datafield><datafield ind1=" " ind2=" " tag="300"><subfield code="a">56 p. + A18</subfield></datafield><datafield ind1=" " ind2=" " tag="852"><subfield code="a">18754</subfield></datafield><datafield ind1=" " ind2=" " tag="CAT"><subfield code="a">SYS</subfield><subfield code="c">20170111</subfield><subfield code="h">233145</subfield></datafield></record></collection>